## BibTeX file containing the bibliography for your thesis.

@article{xxxx
, author =  "One Author and Two Author"
, title =   "Article Title"
, journal =     "Journal of Something"
, year =    1974
, volume =  77
, pages =   "11-22"
}
